@inproceedings{he2020momentum,
  title={Momentum contrast for unsupervised visual representation learning},
  author={He, Kaiming and Fan, Haoqi and Wu, Yuxin and Xie, Saining and Girshick, Ross},
  booktitle={Proceedings of the IEEE/CVF conference on computer vision and pattern recognition},
  pages={9729--9738},
  year={2020}
}

@inproceedings{chen2020simple,
  title={A simple framework for contrastive learning of visual representations},
  author={Chen, Ting and Kornblith, Simon and Norouzi, Mohammad and Hinton, Geoffrey},
  booktitle={International conference on machine learning},
  pages={1597--1607},
  year={2020},
  organization={PMLR}
}

@inproceedings{kim2019domain,
  title={Domain switch-aware holistic recurrent neural network for modeling multi-domain user behavior},
  author={Kim, Donghyun and Kim, Sungchul and Zhao, Handong and Li, Sheng and Rossi, Ryan A and Koh, Eunyee},
  booktitle={Proceedings of the Twelfth ACM International Conference on Web Search and Data Mining},
  pages={663--671},
  year={2019}
}

@inproceedings{yuan2020parameter,
  title={Parameter-efficient transfer from sequential behaviors for user modeling and recommendation},
  author={Yuan, Fajie and He, Xiangnan and Karatzoglou, Alexandros and Zhang, Liguang},
  booktitle={Proceedings of the 43rd International ACM SIGIR conference on research and development in Information Retrieval},
  pages={1469--1478},
  year={2020}
}

@inproceedings{yuan2021one,
  title={One person, one model, one world: Learning continual user representation without forgetting},
  author={Yuan, Fajie and Zhang, Guoxiao and Karatzoglou, Alexandros and Jose, Joemon and Kong, Beibei and Li, Yudong},
  booktitle={Proceedings of the 44th International ACM SIGIR Conference on Research and Development in Information Retrieval},
  pages={696--705},
  year={2021}
}

@inproceedings{cui2020herograph,
  title={HeroGRAPH: A Heterogeneous Graph Framework for Multi-Target Cross-Domain Recommendation.},
  author={Cui, Qiang and Wei, Tao and Zhang, Yafeng and Zhang, Qing},
  booktitle={ORSUM@ RecSys},
  year={2020}
}

@inproceedings{yang2017multi,
  title={Multi-site user behavior modeling and its application in video recommendation},
  author={Yang, Chunfeng and Yan, Huan and Yu, Donghan and Li, Yong and Chiu, Dah Ming},
  booktitle={Proceedings of the 40th International ACM SIGIR Conference on Research and Development in Information Retrieval},
  pages={175--184},
  year={2017}
}

@InProceedings{pmlr-v119-wang20k,
  title = 	 {Understanding Contrastive Representation Learning through Alignment and Uniformity on the Hypersphere},
  author =       {Wang, Tongzhou and Isola, Phillip},
  pages = 	 {9929--9939},
  year = 	 {2020},
  series = 	 {Proceedings of Machine Learning Research},
  publisher =    {PMLR},
}
